<record><leader>00000cas a22000007a 4500</leader><controlfield tag="001">13350833</controlfield><controlfield tag="008">860327d18871923nyuwr ne      0    0eng d</controlfield><datafield ind1=" " ind2=" " tag="010"><subfield code="a">sn 86034917 </subfield></datafield><datafield ind1=" " ind2=" " tag="040"><subfield code="a">NYG</subfield><subfield code="b">eng</subfield><subfield code="c">NYG</subfield><subfield code="d">DLC</subfield><subfield code="d">NYG</subfield><subfield code="d">NYS</subfield><subfield code="d">OCLCQ</subfield><subfield code="d">OCLCO</subfield><subfield code="d">OCLCF</subfield></datafield><datafield ind1="1" ind2=" " tag="029"><subfield code="a">AU@</subfield><subfield code="b">000025806154</subfield></datafield><datafield ind1=" " ind2=" " tag="042"><subfield code="a">msc</subfield></datafield><datafield ind1=" " ind2=" " tag="043"><subfield code="a">n-us-ny</subfield></datafield><datafield ind1="0" ind2="0" tag="050"><subfield code="a">Newspaper 7002</subfield></datafield><datafield ind1="0" ind2=" " tag="130"><subfield code="a">Messenger (Smithtown, N.Y. : 1887)</subfield></datafield><datafield ind1="1" ind2="4" tag="245"><subfield code="a">The messenger.</subfield></datafield><datafield ind1="1" ind2="7" tag="246"><subfield code="a">Smithtown messenger</subfield></datafield><datafield ind1=" " ind2=" " tag="260"><subfield code="a">Smithtown Branch, N.Y. :</subfield><subfield code="b">Joseph R. Robbins</subfield></datafield><datafield ind1=" " ind2=" " tag="300"><subfield code="a">v. :</subfield><subfield code="b">ill. ;</subfield><subfield code="c">57 cm.</subfield></datafield><datafield ind1=" " ind2=" " tag="310"><subfield code="a">Weekly</subfield></datafield><datafield ind1="1" ind2=" " tag="362"><subfield code="a">Began in 1887.</subfield><subfield code="z">Cf. Gregory, W. Amer. newspapers.</subfield></datafield><datafield ind1="0" ind2=" " tag="362"><subfield code="a">-v. 34, no. 51 (Feb. 23, 1923).</subfield></datafield><datafield ind1=" " ind2=" " tag="500"><subfield code="a">Publisher: Smithtown Press, Inc., Apr. 7, 1922-1923.</subfield></datafield><datafield ind1=" " ind2=" " tag="500"><subfield code="a">"A newspaper for the whole of Smithtown township."</subfield></datafield><datafield ind1=" " ind2=" " tag="588"><subfield code="a">Description based on: Vol. 27, no. 40 (Dec. 29, 1916).</subfield></datafield><datafield ind1=" " ind2="0" tag="651"><subfield code="a">Smithtown (N.Y. : Town)</subfield><subfield code="v">Newspapers.</subfield></datafield><datafield ind1=" " ind2="0" tag="651"><subfield code="a">Suffolk County (N.Y.)</subfield><subfield code="v">Newspapers.</subfield></datafield><datafield ind1=" " ind2="7" tag="655"><subfield code="a">Newspapers.</subfield><subfield code="2">fast</subfield><subfield code="0">(OCoLC)fst01423814</subfield></datafield><datafield ind1=" " ind2="7" tag="651"><subfield code="a">New York (State)</subfield><subfield code="z">Smithtown (Town)</subfield><subfield code="2">fast</subfield><subfield code="0">(OCoLC)fst01334637</subfield></datafield><datafield ind1=" " ind2="7" tag="651"><subfield code="a">New York (State)</subfield><subfield code="z">Suffolk County.</subfield><subfield code="2">fast</subfield><subfield code="0">(OCoLC)fst01207260</subfield></datafield><datafield ind1=" " ind2=" " tag="752"><subfield code="a">United States</subfield><subfield code="b">New York</subfield><subfield code="c">Suffolk</subfield><subfield code="d">Smithtown.</subfield></datafield><datafield ind1="0" ind2="0" tag="785"><subfield code="t">Messenger and Suffolk County legionnaire</subfield><subfield code="w">(DLC)sn 88075737</subfield><subfield code="w">(OCoLC)18295520</subfield></datafield></record>